@article{CC01a,
 author = {Chang, Chih-Chung and Lin, Chih-Jen},
 title = {{LIBSVM}: A library for support vector machines},
 journal = {ACM Transactions on Intelligent Systems and Technology},
 volume = {2},
 issue = {3},
 year = {2011},
 note =	 {Software available at \url{http://www.csie.ntu.edu.tw/~cjlin/libsvm}}
}
@article{lin2003study,
  title={A study on sigmoid kernels for SVM and the training of non-PSD kernels by SMO-type methods},
  author={Lin, Hsuan-Tien and Lin, Chih-Jen},
  journal={submitted to Neural Computation},
  volume={3},
  year={2003}
}
@article{hsu2003practical,
  title={A practical guide to support vector classification},
  author={Hsu, Chih-Wei and Chang, Chih-Chung and Lin, Chih-Jen and others},
  year={2003},
  publisher={Taipei}
}
@article{keerthi2003asymptotic,
  title={Asymptotic behaviors of support vector machines with Gaussian kernel},
  author={Keerthi, S Sathiya and Lin, Chih-Jen},
  journal={Neural computation},
  volume={15},
  number={7},
  year={2003},
  publisher={MIT Press}
}
@misc{qtlibrary,
    title={Qt library},
    author={The Qt Company},
    url={https://www.qt.io/}
}
@misc{matplotlib,
    title={Matplotlib: Python plotting},
    author={John D. Hunter},
    url={https://matplotlib.org/}
}
